%% LaTeX2e file `references.bib'
%% generated by the `filecontents' environment
%% from source `main' on 2025/06/05.
%%
@misc{monga_parallel_heterogeneous,
  author = {Monga, P. and Lodhi, M.},
  title  = {Parallel Sorting on Heterogeneous Clusters},
  note   = {Project Report, Dalhousie University, Halifax, Canada},
  year   = {n.d.}
}

@inproceedings{yoon_optimal_2014,
  author    = {Yoon, Min and Kamal, Ahmed},
  title     = {Optimal Dataset Allocation in Distributed Heterogeneous Clouds},
  booktitle = {2014 IEEE Globecom Workshops (GC Wkshps)},
  pages     = {225--230},
  year      = {2014},
  doi       = {10.1109/GLOCOMW.2014.7063389},
  publisher = {IEEE},
  address   = {Austin, TX}
}

@article{lenstra_complexity_2023,
  author  = {Lenstra, Jan Karel and Vakhania, Nodari},
  title   = {On the Complexity of Scheduling Unrelated Parallel Machines with Limited Preemptions},
  journal = {Operations Research Letters},
  volume  = {51},
  number  = {2},
  pages   = {114--118},
  year    = {2023},
  doi     = {10.1016/j.orl.2023.02.004}
}

@article{tokuue_fugaku_2023,
  author  = {Tokuue, Tomoyuki and Ishiyama, Tomoaki},
  title   = {Performance Evaluation of Parallel Sortings on the Supercomputer Fugaku},
  journal = {Journal of Information Processing},
  volume  = {31},
  pages   = {452--458},
  year    = {2023},
  doi     = {10.2197/ipsjjip.31.452}
}

@incollection{terlaky_lp_2011,
  author    = {Tam{\'a}s Terlaky},
  title     = {Introduction to Polynomial Time Algorithms for LP},
  booktitle = {Wiley Encyclopedia of Operations Research and Management Science},
  editor    = {J. Smith and A. Johnson},
  publisher = {Wiley},
  year      = {2011},
  address   = {Hoboken, NJ},
  pages     = {123--130},
  doi       = {10.1002/9780470400531.eorms0426}
}

@article{lu_time_aware_2023,
  author    = {SenXing Lu and Mingming Zhao and Chunlin Li and Quanbing Du and Youlong Luo},
  title     = {Time-Aware Data Partition Optimization and Heterogeneous Task Scheduling Strategies in Spark Clusters},
  journal   = {The Computer Journal},
  year      = {2023},
  volume    = {66},
  number    = {2},
  pages     = {762--776},
  doi       = {10.1093/comjnl/bxad017},
  publisher = {Oxford University Press}
}