@misc{monga_parallel_heterogeneous,
  author = {Monga, P. and Lodhi, M.},
  title  = {Parallel Sorting on Heterogeneous Clusters},
  note   = {Project Report, Dalhousie University, Halifax, Canada},
  year   = {2003}
}

@inproceedings{yoon_optimal_2014,
  author    = {Yoon, Min and Kamal, Ahmed},
  title     = {Optimal Dataset Allocation in Distributed Heterogeneous Clouds},
  booktitle = {2014 IEEE Globecom Workshops (GC Wkshps)},
  pages     = {225--230},
  year      = {2014},
  doi       = {10.1109/GLOCOMW.2014.7063389},
  publisher = {IEEE},
  address   = {Austin, TX}
}

@article{lenstra_complexity_2023,
  author  = {Lenstra, Jan Karel and Vakhania, Nodari},
  title   = {On the Complexity of Scheduling Unrelated Parallel Machines with Limited Preemptions},
  journal = {Operations Research Letters},
  volume  = {51},
  number  = {2},
  pages   = {114--118},
  year    = {2023},
  doi     = {10.1016/j.orl.2023.02.004}
}

@article{tokuue_fugaku_2023,
  author  = {Tokuue, Tomoyuki and Ishiyama, Tomoaki},
  title   = {Performance Evaluation of Parallel Sortings on the Supercomputer Fugaku},
  journal = {Journal of Information Processing},
  volume  = {31},
  pages   = {452--458},
  year    = {2023},
  doi     = {10.2197/ipsjjip.31.452}
}

@incollection{terlaky_lp_2011,
  author    = {Tam{\'a}s Terlaky},
  title     = {Introduction to Polynomial Time Algorithms for LP},
  booktitle = {Wiley Encyclopedia of Operations Research and Management Science},
  editor    = {J. Smith and A. Johnson},
  publisher = {Wiley},
  year      = {2011},
  address   = {Hoboken, NJ},
  pages     = {123--130},
  doi       = {10.1002/9780470400531.eorms0426}
}

@article{lu_time_aware_2023,
  author    = {SenXing Lu and Mingming Zhao and Chunlin Li and Quanbing Du and Youlong Luo},
  title     = {Time-Aware Data Partition Optimization and Heterogeneous Task Scheduling Strategies in Spark Clusters},
  journal   = {The Computer Journal},
  year      = {2023},
  volume    = {66},
  number    = {2},
  pages     = {762--776},
  doi       = {10.1093/comjnl/bxad017},
  publisher = {Oxford University Press}
}



% the following below needs review

@article{gptclaim1,
  author    = {Punia, Anju and Gulia, Parveen and Gill, Navdeep Singh and others},
  title     = {A systematic review on blockchain-based access control systems in cloud environment},
  journal   = {Journal of Cloud Computing},
  volume    = {13},
  number    = {},
  pages     = {146},
  year      = {2024},
  publisher = {Springer},
  doi       = {10.1186/s13677-024-00697-7},
  url       = {https://doi.org/10.1186/s13677-024-00697-7}
}

@techreport{gptclaim2,
  title     = {The Rise of Cloud Computing: Minding Your P’s, Q’s and K’s},
  author    = {Byrne, David and Corrado, Carol and Sichel, Daniel E.},
  institution = {National Bureau of Economic Research},
  number    = {25188},
  year      = {2018},
  month     = {10},
  type      = {Working Paper},
  url       = {http://www.nber.org/papers/w25188},
  note      = {NBER Working Paper Series}
}

@techreport{gptclaim3,
  author      = {{Organisation for Economic Co-operation and Development}},
  title       = {Competition in the Provision of Cloud Computing Services – Note by Korea},
  institution = {Directorate for Financial and Enterprise Affairs, Competition Committee},
  type        = {DAF/COMP/WD(2025)23},
  number      = {146th OECD Competition Committee meeting},
  address     = {Paris, France},
  date        = {2025-05-20},
  note        = {Written contribution from Korea submitted for Item 6 of the 146th OECD Competition Committee meeting, 18–20 June 2025},
  url         = {https://one.oecd.org/document/DAF/COMP/WD(2025)23/en/pdf},
  language    = {English}
}

@article{gptclaim4,
  author    = {Dimitri, Nicola},
  title     = {Pricing cloud IaaS computing services},
  journal   = {Journal of Cloud Computing: Advances, Systems and Applications},
  volume    = {9},
  number    = {1},
  pages     = {14},
  year      = {2020},
  doi       = {10.1186/s13677-020-00176-3},
  url       = {https://journalofcloudcomputing.springeropen.com/articles/10.1186/s13677-020-00176-3},
  publisher = {SpringerOpen},
  month     = {3},
  note      = {Published: 03 March 2020}
}

@inproceedings{gptclaim5,
  author    = {Daraghmi, Eyad and Eleyan, Aladdin},
  title     = {An improved dynamic load balancing algorithm applied to a cafeteria system in a university campus},
  booktitle = {Proceedings of the International Conference on Future Networks and Distributed Systems (ICFNDS)},
  year      = {2017},
  date      = {2017-07-19},
  address   = {Cambridge, UK},
  url       = {http://www.icfnds.org/},
  note      = {Presented at the International Conference on Future Networks and Distributed Systems (ICFNDS) 2017, July 19–20}
}

@article{gptclaim6,
  author    = {Aslanpour, Mohammad Sadegh and Toosi, Adel N. and Cheema, Muhammad Aamir and Chhetri, Mohan Baruwal and Salehi, Mohsen Amini},
  title     = {Load balancing for heterogeneous serverless edge computing: A performance-driven and empirical approach},
  journal   = {Future Generation Computer Systems},
  volume    = {154},
  pages     = {266--280},
  year      = {2024},
  doi       = {10.1016/j.future.2024.01.020},
  url       = {https://doi.org/10.1016/j.future.2024.01.020},
  publisher = {Elsevier},
  note      = {Available online 17 January 2024}
}

@inproceedings{gptclaim7_8,
  author    = {LeBeane, Michael and Song, Shuang and Panda, Reena and Ryoo, Jee Ho and John, Lizy K.},
  title     = {Data partitioning strategies for graph workloads on heterogeneous clusters},
  booktitle = {Proceedings of the International Conference on Supercomputing (ICS)},
  year      = {2015},
  organization = {ACM},
  address   = {New York, NY, USA},
  publisher = {Association for Computing Machinery},
  url       = {https://dl.acm.org/doi/10.1145/2751205.2751210},
  doi       = {10.1145/2751205.2751210}
}

@inproceedings{gptclaim10,
  author       = {Chung, Andrew and Park, Jun Woo and Ganger, Gregory R.},
  title        = {Stratus: Cost-aware Container Scheduling in the Public Cloud},
  booktitle    = {Proceedings of the ACM Symposium on Cloud Computing (SoCC '18)},
  location     = {Carlsbad, CA, USA},
  date         = {2018-10-11},
  pages        = {14 pages},
  publisher    = {Association for Computing Machinery},
  doi          = {10.1145/3267809.3267819},
  url          = {https://doi.org/10.1145/3267809.3267819}
}

@misc{gptclaim11_12,
  author       = {Zviran, Moshe and Glezer, Chanan},
  title        = {Enhancing Robustness of Telecommunications Networks},
  institution  = {Tel Aviv University and Ben Gurion University of the Negev},
  address      = {Tel Aviv, Israel and Beer Sheva, Israel},
  year         = {2004},
  month        = jan,
  note         = {Faculty of Management, Department of Information Systems Engineering}
}

@article{gptclaim13,
  author       = {Torres Jr, Pedro R. and García-Martínez, Alberto and Bagnulo, Marcelo and Parente Ribeiro, Eduardo},
  title        = {Bartolomeu: An SDN Rebalancing System Across Multiple Interdomain Paths},
  journal      = {Computer Networks},
  volume       = {169},
  pages        = {107117},
  year         = {2020},
  month        = mar,
  doi          = {10.1016/j.comnet.2020.107117},
  publisher    = {Elsevier},
  note         = {Postprint version. © 2020 Elsevier B.V. All rights reserved.},
  url          = {https://doi.org/10.1016/j.comnet.2020.107117}
}

@inproceedings{gptclaim14_15,
  author    = {Kulagina, Svetlana and Meyerhenke, Henning and Benoit, Anne},
  title     = {Mapping Large Memory-constrained Workflows onto Heterogeneous Platforms},
  booktitle = {Proceedings of the 53rd International Conference on Parallel Processing (ICPP)},
  year      = {2024},
  month     = {8},
  pages     = {305--316},
  address   = {Gotland, Sweden},
  doi       = {10.1145/3673038.3673068},
  url       = {https://doi.org/10.1145/3673038.3673068},
  note      = {HAL Id: hal-04767107, submitted November 12, 2024}
}


@misc{gptmerge1_2,
  author       = {Dementiev, Roman},
  title        = {Parallel Disk Sorting},
  year         = {2006},
  howpublished = {\url{https://stxxl.org/tags/1.4.1/design_algo_sorting.html}},
  note         = {STXXL: Standard Template Library for Extra Large Data Sets, Version 1.4.1},
  organization = {Max-Planck-Institut für Informatik}
}

@misc{gptmerge3_7,
  author       = {Polyntsov, Michael and Grigorev, Valentin and Smirnov, Kirill and Chernishev, George},
  title        = {Implementing the Comparison-Based External Sort},
  year         = {2022},
  archivePrefix = {arXiv},
  eprint       = {2207.12713},
  primaryClass = {cs.DB},
  url          = {https://arxiv.org/abs/2207.12713},
  note         = {arXiv preprint arXiv:2207.12713}
}

@incollection{gptmerge4_5_8,
  author       = {Sanders, Peter},
  title        = {Fast Priority Queues for Cached Memory},
  booktitle    = {Algorithm Engineering and Experimentation},
  pages        = {316--321},
  year         = {2008},
  publisher    = {ACM Journal of Experimental Algorithmics},
  doi          = {10.1007/3-540-48518-X_19},
  note         = {Published in: ACM J. Exp. Algorithmics, Vol. 5},
  url          = {https://doi.org/10.1007/3-540-48518-X_19}
}

@article{gptlp1,
  author       = {Christophe Cérin and Jean-Christophe Dubacq and Jean-Louis Roch},
  title        = {Methods for Partitioning Data to Improve Parallel Execution Time for Sorting on Heterogeneous Clusters},
  journal      = {Advances in Grid and Pervasive Computing},
  pages        = {175--186},
  year         = {2006},
  doi          = {10.48550/arXiv.cs/0607041},
  url          = {https://arxiv.org/abs/cs/0607041},
  note         = {arXiv:cs/0607041 [cs.DC], submitted 10 Jul 2006}
}

@article{gptlp2,
  author    = {Christophe Cérin and Olivier Cozette and Gil Utard and Hazem Fkaier and Mohamed Jemni},
  title     = {Parallel Out-of-core Sorting and Fast Accesses to Disks},
  journal   = {International Journal of High Performance Computing and Networking},
  volume    = {3},
  number    = {2},
  pages     = {188--202},
  year      = {2005},
  doi       = {10.1504/IJHPCN.2005.008035}
}

@article{gptlp3,
  author    = {Li, Jiexing and Naughton, Jeffrey and Nehme, Rimma V.},
  title     = {Resource Bricolage for Parallel Database Systems},
  journal   = {Proceedings of the VLDB Endowment},
  volume    = {8},
  number    = {1},
  pages     = {25--36},
  year      = {2014},
  doi       = {10.14778/2735461.2735464},
  url       = {https://doi.org/10.14778/2735461.2735464}
}

@article{gptlp4_5,
  author    = {Boinski, Tomasz and Czarnul, Paweł},
  title     = {Optimization of Data Assignment for Parallel Processing in a Hybrid Heterogeneous Environment Using Integer Linear Programming},
  journal   = {The Computer Journal},
  year      = {2021},
  volume    = {},
  number    = {},
  pages     = {},
  doi       = {10.1093/comjnl/bxaa187},
  url       = {https://doi.org/10.1093/comjnl/bxaa187},
  publisher = {Oxford University Press on behalf of The British Computer Society},
  note      = {Open Access under CC BY-NC 4.0}
}

@unpublished{gptlp6,
  author    = {Jordi Garcia and Francesc Aguil{\'o} and Adri{\`a} Asensio and Ester Sim{\'o} and Marisa Zaragoz{\'a} and Xavi Masip-Bruin},
  title     = {Data-Flow Driven Optimal Tasks Distribution for Global Heterogeneous Systems},
  note      = {Preprint submitted to Elsevier},
  institution = {CRAAX Lab, UPC BarcelonaTECH},
  address   = {Vilanova i la Geltru, Spain},
  month     = sep,
  year      = {2021}
}


@phdthesis{gptlp7,
  author       = {Teng Yu},
  title        = {Heterogeneity-Aware Scheduling and Data Partitioning for System Performance Acceleration},
  school       = {University of St Andrews},
  year         = {2020},
  url          = {http://hdl.handle.net/10023/19797},
  note         = {PhD thesis, University of St Andrews}
}

@article{gptlp8,
  author       = {Yujie Wang and Shiju Wang and Shenhan Zhu and Fangcheng Fu and Xinyi Liu and Xuefeng Xiao and Huixia Li and Jiashi Li and Faming Wu and Bin Cui},
  title        = {Data-Centric and Heterogeneity-Adaptive Sequence Parallelism for Efficient LLM Training},
  journal      = {arXiv preprint arXiv:2412.01523},
  year         = {2024},
  url          = {https://arxiv.org/abs/2412.01523},
  note         = {arXiv:2412.01523v1 [cs.DC], 02 Dec 2024}
}
